@article{Cheng2022Effect,
	author = {Cheng, Ziwei and Gao, David W. and Powers, Fiona M. and Navar, Ricardo and Leal, Juan H. and Ajayi, Oyelayo O. and Semelsberger, Troy A.},
	journal = {Frontiers in Energy Research},
	doi = {10.3389/fenrg.2022.868050},
	issn = {2296-598X},
	year = {2022},
	month = {jun 27},
	publisher = {Frontiers Media SA},
	title = {Effect of {Moisture} and {Feedstock} {Variability} on the {Rheological} {Behavior} of {Corn} {Stover} {Particles}},
	url = {http://dx.doi.org/10.3389/fenrg.2022.868050},
	volume = {10},
}


@article{Fang2022Friction,
	author = {Fang, Mei and Yu, Zhihong and Zhang, Wenjie and Cao, Jiang and Liu, Wenhang},
	journal = {Powder Technology},
	doi = {10.1016/j.powtec.2021.10.040},
	issn = {0032-5910},
	year = {2022},
	month = {1},
	pages = {731--742},
	publisher = {Elsevier BV},
	title = {Friction coefficient calibration of corn stalk particle mixtures using {Plackett}-{Burman} design and response surface methodology},
	url = {http://dx.doi.org/10.1016/j.powtec.2021.10.040},
	volume = {396},
}


@article{Finney2025Go,
	author = {Finney, Tanner J. and Oberteuffer-Bailey, Ronan and Wilson, Abigail W. and Davis, Benjamin L.},
	journal = {ACS Sustainable Chemistry \&amp; Engineering},
	doi = {10.1021/acssuschemeng.4c08649},
	issn = {2168-0485},
	number = {2},
	year = {2025},
	month = {jan 9},
	pages = {731--736},
	publisher = {American Chemical Society (ACS)},
	title = {Go with the {Flow}: Additives to {Improve} the {Flowability} of {Crumbled} {Corn} {Stover}},
	url = {http://dx.doi.org/10.1021/acssuschemeng.4c08649},
	volume = {13},
}


@article{Leal2022Impacts,
	author = {Leal, Juan H. and Meierdierks, Eric J. and Navar, Ricardo and Moore, Cameron M. and Ray, Allison E. and Semelsberger, Troy A.},
	journal = {Frontiers in Energy Research},
	doi = {10.3389/fenrg.2022.868019},
	issn = {2296-598X},
	year = {2022},
	month = {jul 14},
	publisher = {Frontiers Media SA},
	title = {Impacts of {Biologically} {Induced} {Degradation} on {Surface} {Energy}, {Wettability}, and {Cohesion} of {Corn} {Stover}},
	url = {http://dx.doi.org/10.3389/fenrg.2022.868019},
	volume = {10},
}


@article{Bose2020Impacts,
	author = {Bose, Elizabeth and Leal, Juan H. and Hoover, Amber N. and Zeng, Yining and Li, Chenlin and Ray, Allison E. and Semelsberger, Troy A. and Donohoe, Bryon S.},
	journal = {ACS Sustainable Chemistry \&amp; Engineering},
	doi = {10.1021/acssuschemeng.0c03356},
	issn = {2168-0485},
	number = {37},
	year = {2020},
	month = {aug 13},
	pages = {13973--13983},
	publisher = {American Chemical Society (ACS)},
	title = {Impacts of {Biological} {Heating} and {Degradation} during {Bale} {Storage} on the {Surface} {Properties} of {Corn} {Stover}},
	url = {http://dx.doi.org/10.1021/acssuschemeng.0c03356},
	volume = {8},
}

