@article{cheng_effect_2022,
  title = {Effect of {{Moisture}} and {{Feedstock Variability}} on the {{Rheological Behavior}} of {{Corn Stover Particles}}},
  author = {Cheng, Ziwei and Gao, David W. and Powers, Fiona M. and Navar, Ricardo and Leal, Juan H. and Ajayi, Oyelayo O. and Semelsberger, Troy A.},
  date = {2022},
  journaltitle = {Frontiers in Energy Research},
  volume = {10},
  issn = {2296-598X},
  url = {https://www.frontiersin.org/articles/10.3389/fenrg.2022.868050},
  urldate = {2024-01-11},
  keywords = {\_tablet},
  file = {/home/huy1/local/docs/prj/References/zotero/storage/UV9BW4QQ/Cheng et al_2022_Effect of Moisture and Feedstock Variability on the Rheological Behavior of.pdf}
}

@techreport{hess_uniformformat_2009,
  title = {Uniform-{{Format Solid Feedstock Supply System}}: {{A Commodity-Scale Design}} to {{Produce}} an {{Infrastructure-Compatible Bulk Solid}} from {{Lignocellulosic Biomass}} -- {{Executive Summary}}},
  shorttitle = {Uniform-{{Format Solid Feedstock Supply System}}},
  author = {Hess, J. Richard and Wright, Christopher T. and Kenney, Kevin L. and Searcy, Erin M.},
  date = {2009-04-01},
  number = {INL/EXT-09-15423},
  institution = {{Idaho National Laboratory (INL)}},
  doi = {10.2172/971374},
  url = {https://www.osti.gov/biblio/971374},
  urldate = {2019-07-01},
  langid = {english},
  keywords = {\_tablet},
  file = {/home/huy1/local/docs/prj/References/zotero/storage/EEWZSRB5/Hess et al_2009_Uniform-Format Solid Feedstock Supply System.pdf;/home/huy1/local/docs/prj/References/zotero/storage/R7XGDKGI/Hess et al_2009_Uniform-Format Solid Feedstock Supply System.pdf}
}

@book{idahonationallaboratory_sources_2015,
  title = {Sources of Biomass Feedstock Variability and the Potential Impact on Biofuels Production},
  editor = {Idaho National Laboratory and United States and United States},
  date = {2015},
  publisher = {{United States. Dept. of Energy}},
  location = {{Washington, D.C}},
  url = {http://www.osti.gov/scitech/biblio/1251425},
  urldate = {2024-01-11},
  pagetotal = {1},
  keywords = {\_tablet,Biomass Composition Variability Conversion Biochemical Thermochemical,Biomass Fuels},
  file = {/home/huy1/local/docs/prj/References/zotero/storage/W73RQAXI/Idaho National Laboratory et al_2015_Sources of biomass feedstock variability and the potential impact on biofuels.pdf}
}

@article{kenney_understanding_2013,
  title = {Understanding Biomass Feedstock Variability},
  author = {Kenney, Kevin L and Smith, William A and Gresham, Garold L and Westover, Tyler L},
  date = {2013-01-01},
  journaltitle = {Biofuels},
  volume = {4},
  number = {1},
  pages = {111--127},
  publisher = {{Taylor \& Francis}},
  issn = {1759-7269},
  doi = {10.4155/bfs.12.83},
  url = {https://doi.org/10.4155/bfs.12.83},
  urldate = {2024-01-11},
  keywords = {\_tablet},
  file = {/home/huy1/local/docs/prj/References/zotero/storage/QRASLS86/Kenney et al_2013_Understanding biomass feedstock variability.pdf}
}

@unpublished{kuhn2018impacts,
  title = {Impacts of Corn Stover Variability on Operational Reliability of a 0.5 {{MT}}/d Continuous Pretreatment Reactor},
  author = {Kuhn, Erik M and Xiaowen, Chen and Melvin, Tucker and Nicholas, Nagle and Richard, Elander and Vicki, Thompson and Edward, Wolfrum},
  date = {2018},
  eventtitle = {40th {{Symposium}} on {{Biotechnology}} for {{Fuels}} and {{Chemicals}}},
  keywords = {\_tablet},
  file = {/home/huy1/local/docs/prj/References/zotero/storage/5QE6E6UU/Kuhn et al_2018_Impacts of corn stover variability on operational reliability of a 0.pdf}
}

@techreport{thompson_beto_2022,
  title = {{{BETO}} 2021 {{Peer Review}} - {{FCIC Task}} 5 - {{Preprocessing}}},
  author = {Thompson, Vicki and Elander, Rick},
  date = {2022-01-12},
  number = {NREL/PR-5100-80649},
  institution = {{National Renewable Energy Lab. (NREL), Golden, CO (United States)}},
  url = {https://www.osti.gov/biblio/1840913},
  urldate = {2023-08-22},
  langid = {english},
  keywords = {\_tablet},
  file = {/home/huy1/local/docs/prj/References/zotero/storage/4T9GVZT4/Thompson_Elander_2022_BETO 2021 Peer Review - FCIC Task 5 - Preprocessing.pdf}
}

@article{yan_characterizing_2020,
  title = {Characterizing {{Variability}} in {{Lignocellulosic Biomass}}: {{A Review}}},
  shorttitle = {Characterizing {{Variability}} in {{Lignocellulosic Biomass}}},
  author = {Yan, Jipeng and Oyedeji, Oluwafemi and Leal, Juan H. and Donohoe, Bryon S. and Semelsberger, Troy A. and Li, Chenlin and Hoover, Amber N. and Webb, Erin and Bose, Elizabeth A. and Zeng, Yining and Williams, C. Luke and Schaller, Kastli D. and Sun, Ning and Ray, Allison E. and Tanjore, Deepti},
  date = {2020-06-08},
  journaltitle = {ACS Sustainable Chemistry \& Engineering},
  shortjournal = {ACS Sustainable Chem. Eng.},
  volume = {8},
  number = {22},
  pages = {8059--8085},
  publisher = {{American Chemical Society}},
  doi = {10.1021/acssuschemeng.9b06263},
  url = {https://doi.org/10.1021/acssuschemeng.9b06263},
  urldate = {2024-01-11},
  keywords = {\_tablet},
  file = {/home/huy1/local/docs/prj/References/zotero/storage/AIJA9NIL/Yan et al_2020_Characterizing Variability in Lignocellulosic Biomass.pdf}
}

@article{bellemare_frictional_2007,
  title = {The Frictional Sliding Response of Elasto-Plastic Materials in Contact with a Conical Indenter},
  author = {Bellemare, S. and Dao, M. and Suresh, S.},
  date = {2007-03-15},
  journaltitle = {International Journal of Solids and Structures},
  shortjournal = {International Journal of Solids and Structures},
  series = {Physics and {{Mechanics}} of {{Advanced Materials}}},
  volume = {44},
  number = {6},
  pages = {1970--1989},
  issn = {0020-7683},
  doi = {10.1016/j.ijsolstr.2006.08.008},
  url = {http://www.sciencedirect.com/science/article/pii/S0020768306003064},
  urldate = {2018-02-13},
  keywords = {Dimensional analysis,Elasto-plastic properties,Finite element method,Indentation,Pile-up height,Scratch hardness,Scratch test},
  file = {/home/huy1/local/docs/prj/References/zotero/storage/KEM4ZA7R/Bellemare et al_2007_The frictional sliding response of elasto-plastic materials in contact with a.pdf}
}

@article{bergstrom_uniaxial_2022,
  title = {Uniaxial Compression of Fibre Networks – the Synergetic Effect of Adhesion and Elastoplasticity on Non-Reversible Deformation},
  author = {Bergström, Per and Hanson, Charlotta and Ström, Henrik and Sasic, Srdjan},
  date = {2022-01-01},
  journaltitle = {Powder Technology},
  shortjournal = {Powder Technology},
  volume = {395},
  pages = {301--313},
  issn = {0032-5910},
  doi = {10.1016/j.powtec.2021.09.061},
  url = {https://www.sciencedirect.com/science/article/pii/S0032591021008548},
  urldate = {2021-11-28},
  langid = {english},
  keywords = {Adhesive interaction of fibres,Discrete element model,Elasto-plastic fibre contacts,Non-reversible network deformation},
  file = {/home/huy1/local/docs/prj/References/zotero/storage/N2QLECCA/Bergström et al_2022_Uniaxial compression of fibre networks – the synergetic effect of adhesion and.pdf}
}

@article{carr_revised_2019,
  title = {A Revised Methodology for the Determination of Bulk Material Cohesion and Adhesion},
  author = {Carr, Michael J. and Roberts, Alan W. and Wheeler, Craig A.},
  date = {2019-10},
  journaltitle = {Advanced Powder Technology},
  shortjournal = {Advanced Powder Technology},
  volume = {30},
  number = {10},
  pages = {2110--2116},
  issn = {09218831},
  doi = {10.1016/j.apt.2019.06.025},
  url = {https://linkinghub.elsevier.com/retrieve/pii/S0921883119302043},
  urldate = {2022-03-09},
  langid = {english},
  keywords = {\_tablet,TO READ},
  file = {/home/huy1/local/docs/prj/References/zotero/storage/3RJ4DSNC/Carr et al_2019_A revised methodology for the determination of bulk material cohesion and.pdf}
}

@inproceedings{carr2016comparative,
  ids = {carr_comparative_nodate},
  title = {Comparative Investigation on Modelling Wet and Sticky Material Behaviours with a Simplified {{JKR}} Cohesion Model and Liquid Bridging Cohesion Model in {{DEM}}},
  booktitle = {{{ICBMH}} 2016-12th International Conference on Bulk Materials Storage, Handling and Transportation, Proceedings},
  author = {Carr, Michael J and Chen, Wei and Williams, Kenneth and Katterfeld, Andre},
  date = {2016},
  pages = {40--49},
  file = {/home/huy1/local/docs/prj/References/zotero/storage/QSW35NKP/Carr et al. - Comparative Investigation on Modelling Wet and Sti.pdf}
}

@book{dasilva_handbook_2011,
  title = {Handbook of {{Adhesion Technology}}},
  editor = {family=Silva, given=Lucas F. M., prefix=da, useprefix=true and Öchsner, Andreas and Adams, Robert D.},
  date = {2011},
  publisher = {{Springer Berlin Heidelberg}},
  location = {{Berlin, Heidelberg}},
  doi = {10.1007/978-3-642-01169-6},
  url = {http://link.springer.com/10.1007/978-3-642-01169-6},
  urldate = {2022-03-16},
  isbn = {978-3-642-01168-9 978-3-642-01169-6},
  langid = {english},
  file = {/home/huy1/local/docs/prj/References/zotero/storage/ZE5ZWNYE/da Silva et al. - 2011 - Handbook of Adhesion Technology.pdf}
}

@article{derjaguin_influence_1994,
  ids = {derjaguin_influence_1994a},
  title = {Influence of Adhesion on the Sliding and Rolling Friction},
  author = {Derjaguin, B. V. and Toporov, Y. P.},
  date = {1994-01-01},
  journaltitle = {Progress in Surface Science},
  shortjournal = {Progress in Surface Science},
  volume = {45},
  number = {1},
  pages = {317--327},
  issn = {0079-6816},
  doi = {10.1016/0079-6816(94)90064-7},
  url = {https://www.sciencedirect.com/science/article/pii/0079681694900647},
  urldate = {2022-11-01},
  langid = {english},
  file = {/home/huy1/local/docs/prj/References/zotero/storage/PFQBR5Q6/Derjaguin_Toporov_1994_Influence of adhesion on the sliding and rolling friction.pdf;/home/huy1/local/docs/prj/References/zotero/storage/SJ8H2QIR/0079681694900647.html}
}

@article{derjaguin_problems_1994,
  title = {Problems of Adhesion},
  author = {Derjaguin, B. V.},
  date = {1994-01-01},
  journaltitle = {Progress in Surface Science},
  shortjournal = {Progress in Surface Science},
  volume = {45},
  number = {1},
  pages = {223--231},
  issn = {0079-6816},
  doi = {10.1016/0079-6816(94)90053-1},
  url = {https://www.sciencedirect.com/science/article/pii/0079681694900531},
  urldate = {2023-08-29},
  file = {/home/huy1/local/docs/prj/References/zotero/storage/BXZLK6CK/Derjaguin_1994_Problems of adhesion.pdf;/home/huy1/local/docs/prj/References/zotero/storage/PCRGVUI9/0079681694900531.html}
}

@article{derjaguin1934molekulartheorie,
  title = {Molekulartheorie Der Äußeren Reibung},
  author = {Derjaguin, B. V.},
  date = {1934},
  journaltitle = {Zeitschrift für Physik},
  volume = {88},
  number = {9-10},
  pages = {661--675},
  publisher = {{Springer}},
  file = {/home/huy1/local/docs/prj/References/zotero/storage/5QU4NNEA/Derjaguin_1934_Molekulartheorie der äußeren reibung.pdf}
}

@article{eberhart_chemistry_1991,
  title = {Towards a Chemistry of Cohesion and Adhesion},
  author = {Eberhart, M. E. and Donovan, M. M. and MacLaren, J. M. and Clougherty, D. P.},
  date = {1991-01-01},
  journaltitle = {Progress in Surface Science},
  shortjournal = {Progress in Surface Science},
  volume = {36},
  number = {1},
  pages = {1--34},
  issn = {0079-6816},
  doi = {10.1016/0079-6816(91)90012-S},
  url = {https://www.sciencedirect.com/science/article/pii/007968169190012S},
  urldate = {2022-03-16},
  langid = {english},
  file = {/home/huy1/local/docs/prj/References/zotero/storage/B7D9RZX3/Eberhart et al_1991_Towards a chemistry of cohesion and adhesion.pdf}
}

@article{fraunhofer_adhesion_2012,
  title = {Adhesion and {{Cohesion}}},
  author = {Fraunhofer, Von and Anthony, J.},
  date = {2012-02-21},
  journaltitle = {International Journal of Dentistry},
  volume = {2012},
  pages = {e951324},
  publisher = {{Hindawi}},
  issn = {1687-8728},
  doi = {10.1155/2012/951324},
  url = {https://www.hindawi.com/journals/ijd/2012/951324/},
  urldate = {2022-03-16},
  langid = {english},
  file = {/home/huy1/local/docs/prj/References/zotero/storage/6PV3JQMC/Fraunhofer_Anthony_2012_Adhesion and Cohesion.pdf}
}

@article{gao_frictional_2004,
  title = {Frictional {{Forces}} and {{Amontons}}' {{Law}}:\, {{From}} the {{Molecular}} to the {{Macroscopic Scale}}},
  shorttitle = {Frictional {{Forces}} and {{Amontons}}' {{Law}}},
  author = {Gao, Jianping and Luedtke, W. D. and Gourdon, D. and Ruths, M. and Israelachvili, J. N. and Landman, Uzi},
  date = {2004-03-01},
  journaltitle = {The Journal of Physical Chemistry B},
  shortjournal = {J. Phys. Chem. B},
  volume = {108},
  number = {11},
  pages = {3410--3425},
  publisher = {{American Chemical Society}},
  issn = {1520-6106},
  doi = {10.1021/jp036362l},
  url = {https://doi.org/10.1021/jp036362l},
  urldate = {2023-08-17},
  file = {/home/huy1/local/docs/prj/References/zotero/storage/Z4VBD99H/Gao et al_2004_Frictional Forces and Amontons' Law.pdf;/home/huy1/local/docs/prj/References/zotero/storage/9WDNDFK3/jp036362l.html}
}

@article{garg_new_2022,
  title = {A New Method for Assessing Powder Flowability Based on Physical Properties and Cohesiveness of Particles Using a Small Quantity of Samples},
  author = {Garg, Vivek and Deng, Tong and Bradley, Michael S. A.},
  date = {2022-01-01},
  journaltitle = {Powder Technology},
  shortjournal = {Powder Technology},
  volume = {395},
  pages = {708--719},
  issn = {0032-5910},
  doi = {10.1016/j.powtec.2021.10.027},
  url = {https://www.sciencedirect.com/science/article/pii/S0032591021009086},
  urldate = {2021-11-28},
  langid = {english},
  keywords = {Bond number,Cohesive powders,Particle properties,Powder flowability,Prediction model},
  file = {/home/huy1/local/docs/prj/References/zotero/storage/SLKR9N29/Garg et al_2022_A new method for assessing powder flowability based on physical properties and.pdf}
}

@book{hering_physik_2007,
  title = {Physik für Ingenieure},
  author = {Hering, Ekbert and Martin, Rolf and Stohrer, Martin and Kurz, G. and Schulz, W.},
  date = {2007-07-01},
  edition = {9. Aufl. edition},
  publisher = {{Springer}},
  location = {{Berlin Heidelberg}},
  isbn = {978-3-540-21036-8},
  langid = {german},
  pagetotal = {744}
}

@article{kendall_rolling_1975,
  title = {Rolling Friction and Adhesion between Smooth Solids},
  author = {Kendall, K.},
  date = {1975-07-01},
  journaltitle = {Wear},
  shortjournal = {Wear},
  volume = {33},
  number = {2},
  pages = {351--358},
  issn = {0043-1648},
  doi = {10.1016/0043-1648(75)90288-4},
  url = {https://www.sciencedirect.com/science/article/pii/0043164875902884},
  urldate = {2022-11-01},
  langid = {english},
  file = {/home/huy1/local/docs/prj/References/zotero/storage/A75PLLNG/Kendall_1975_Rolling friction and adhesion between smooth solids.pdf;/home/huy1/local/docs/prj/References/zotero/storage/KBJ8PEF5/0043164875902884.html}
}

@article{lavielle_polymer-polymer_1991,
  title = {Polymer-Polymer Friction: {{Relation}} to Adhesion},
  shorttitle = {Polymer-Polymer Friction},
  author = {Lavielle, L.},
  date = {1991-11-30},
  journaltitle = {Wear},
  shortjournal = {Wear},
  volume = {151},
  number = {1},
  pages = {63--75},
  issn = {0043-1648},
  doi = {10.1016/0043-1648(91)90346-V},
  url = {https://www.sciencedirect.com/science/article/pii/004316489190346V},
  urldate = {2023-04-10},
  langid = {english},
  file = {/home/huy1/local/docs/prj/References/zotero/storage/F8P7KR2Y/Lavielle_1991_Polymer-polymer friction.pdf;/home/huy1/local/docs/prj/References/zotero/storage/WBSXVXXG/004316489190346V.html}
}

@article{lehman_universal_2022,
  title = {Universal Aspects of Cohesion},
  author = {Lehman, Susan Y. and Christman, Lilianna E. and Jacobs, D. T. and Johnson, Nathan S. D. E. F. and Palchoudhuri, Paroma and Tieman, Catherine E. and Vajpeyi, Avi and Wainwright, Elliot R. and Walker, Justine E. and Wilson, Ian S. and LeBlanc, Michael and McFaul, Louis W. and Uhl, Jonathan T. and Dahmen, Karin A.},
  date = {2022-02},
  journaltitle = {Granular Matter},
  shortjournal = {Granular Matter},
  volume = {24},
  number = {1},
  pages = {35},
  issn = {1434-5021, 1434-7636},
  doi = {10.1007/s10035-021-01188-1},
  url = {https://link.springer.com/10.1007/s10035-021-01188-1},
  urldate = {2022-02-16},
  langid = {english},
  keywords = {TO READ},
  file = {/home/huy1/local/docs/prj/References/zotero/storage/HAHSDS5Q/Lehman et al_2022_Universal aspects of cohesion.pdf}
}

@article{marshall_review_2010,
  ids = {marshall_review_2010-1},
  title = {A Review of Adhesion Science},
  author = {Marshall, Sally J. and Bayne, Stephen C. and Baier, Robert and Tomsia, Antoni P. and Marshall, Grayson W.},
  date = {2010-02-01},
  journaltitle = {Dental Materials},
  shortjournal = {Dental Materials},
  volume = {26},
  number = {2},
  pages = {e11-e16},
  issn = {0109-5641},
  doi = {10.1016/j.dental.2009.11.157},
  url = {https://www.sciencedirect.com/science/article/pii/S010956410900503X},
  urldate = {2022-03-16},
  langid = {english},
  keywords = {Adherend,Adhesion,Adhesive,Bonding,Interfaces},
  file = {/home/huy1/local/docs/prj/References/zotero/storage/QQTZ5QZH/Marshall et al. - 2010 - A review of adhesion science.pdf}
}

@book{packham_handbook_2006,
  title = {Handbook of {{Adhesion}}},
  author = {Packham, D. E.},
  date = {2006-02-08},
  eprint = {BOtLMZ8klI8C},
  eprinttype = {googlebooks},
  publisher = {{John Wiley \& Sons}},
  isbn = {978-0-470-01421-9},
  langid = {english},
  pagetotal = {696},
  keywords = {Science / Chemistry / General,Technology \& Engineering / Materials Science / General,Technology \& Engineering / Mechanical}
}

@article{schnurmann_amontons_1941,
  title = {Amontons' {{Law}}, ``{{Traces}}'' of {{Frictional Contact}}, and {{Experiments}} on {{Adhesion}}},
  author = {Schnurmann, Robert},
  date = {1941},
  journaltitle = {Journal of Applied Physics},
  shortjournal = {Journal of Applied Physics},
  volume = {13},
  number = {4},
  pages = {235--245},
  issn = {0021-8979},
  doi = {10.1063/1.1714861},
  url = {https://doi.org/10.1063/1.1714861},
  urldate = {2023-08-17},
  file = {/home/huy1/local/docs/prj/References/zotero/storage/BRARTE3V/Schnurmann - 1941 - Amontons' Law, ``Traces'' of Frictional Contact, a.pdf;/home/huy1/local/docs/prj/References/zotero/storage/REQ2YDF4/Amontons-Law-Traces-of-Frictional-Contact-and.html}
}

@article{shimada_measurement_2022,
  title = {Measurement of Particle Adhesion Force and Effective Contact Radius via Centrifuge Equipped with Horizontal and Vertical Substrates},
  author = {Shimada, Yasuhiro and Tsubota, Motohiro and Matsusaka, Shuji},
  date = {2022-01-01},
  journaltitle = {Powder Technology},
  shortjournal = {Powder Technology},
  volume = {397},
  pages = {117103},
  issn = {0032-5910},
  doi = {10.1016/j.powtec.2021.117103},
  url = {https://www.sciencedirect.com/science/article/pii/S0032591021011219},
  urldate = {2022-02-17},
  langid = {english},
  keywords = {Adhesion force,Centrifuge,Contact radius,Moment balance,Particle removal},
  file = {/home/huy1/local/docs/prj/References/zotero/storage/8LISFMXI/Shimada et al_2022_Measurement of particle adhesion force and effective contact radius via.pdf}
}

@article{thornton_interparticle_1991,
  title = {Interparticle Sliding in the Presence of Adhesion},
  author = {Thornton, C.},
  date = {1991-11},
  journaltitle = {Journal of Physics D: Applied Physics},
  shortjournal = {J. Phys. D: Appl. Phys.},
  volume = {24},
  number = {11},
  pages = {1942},
  issn = {0022-3727},
  doi = {10.1088/0022-3727/24/11/007},
  url = {https://dx.doi.org/10.1088/0022-3727/24/11/007},
  urldate = {2023-08-17},
  langid = {english},
  file = {/home/huy1/local/docs/prj/References/zotero/storage/RQ8F8988/Thornton_1991_Interparticle sliding in the presence of adhesion.pdf}
}

@article{_multiscale_a,
  title = {Multiscale {{Physical}} and {{Structural Particle Mechanics}}},
  pages = {35},
  langid = {english},
  file = {/home/huy1/local/docs/prj/References/zotero/storage/K874LEVL/Multiscale Physical and Structural Particle Mechanics.pdf}
}

@article{balevicius_modeling_2018,
  title = {Modeling of Combined Slip and Finite Sliding at Spherical Grain Contacts},
  author = {Balevičius, R. and Mróz, Z.},
  date = {2018-02-01},
  journaltitle = {Granular Matter},
  shortjournal = {Granular Matter},
  volume = {20},
  number = {1},
  pages = {10},
  issn = {1434-5021, 1434-7636},
  doi = {10.1007/s10035-017-0778-6},
  url = {https://link.springer.com/article/10.1007/s10035-017-0778-6},
  urldate = {2018-02-15},
  langid = {english},
  file = {/home/huy1/local/docs/prj/References/zotero/storage/SS6NFI2S/Balevičius and Mróz - 2018 - Modeling of combined slip and finite sliding at sp.pdf}
}

@article{bhushan_contact_1998,
  title = {Contact Mechanics of Rough Surfaces in Tribology: Multiple Asperity Contact},
  shorttitle = {Contact Mechanics of Rough Surfaces in Tribology},
  author = {Bhushan, Bharat},
  date = {1998-01},
  journaltitle = {Tribology Letters},
  shortjournal = {Tribology Letters},
  volume = {4},
  number = {1},
  pages = {1--35},
  issn = {1023-8883, 1573-2711},
  doi = {10.1023/A:1019186601445},
  url = {http://link.springer.com/article/10.1023/A%3A1019186601445},
  urldate = {2015-08-03},
  langid = {english},
  keywords = {\_tablet\_modified,asperity contact,contact area,contact mechanics,nanotechnology,Physical Chemistry,rough surfaces,surface deformation,{Surfaces and Interfaces, Thin Films},Theoretical and Applied Mechanics,TO CITE,TO READ,Tribology,{Tribology, Corrosion and Coatings}},
  file = {/home/huy1/local/docs/prj/References/zotero/storage/5QGKWQH2/Bhushan_1998_Contact mechanics of rough surfaces in tribology.pdf}
}

@book{briscoe_tribology_1987,
  title = {Tribology in Particulate Technology},
  editor = {Briscoe, B. J. and Adams, M. J.},
  date = {1987},
  publisher = {{A. Hilger}},
  location = {{Bristol, England ; Philadelphia}},
  isbn = {0-85274-425-0},
  pagetotal = {472},
  keywords = {Bulk solids handling,Powders,Tribology},
  file = {/home/huy1/local/docs/prj/References/zotero/storage/V5Q95D47/Briscoe_Adams_1987_Tribology in particulate technology.pdf}
}

@article{carrillo_contact_2012,
  title = {Contact {{Mechanics}} of {{Nanoparticles}}},
  author = {Carrillo, Jan-Michael Y. and Dobrynin, Andrey V.},
  date = {2012-07-24},
  journaltitle = {Langmuir},
  shortjournal = {Langmuir},
  volume = {28},
  number = {29},
  pages = {10881--10890},
  issn = {0743-7463},
  doi = {10.1021/la301657c},
  url = {http://dx.doi.org/10.1021/la301657c},
  urldate = {2015-08-03},
  keywords = {\_tablet\_modified,TO CITE,TO READ},
  file = {/home/huy1/local/docs/prj/References/zotero/storage/PCRJDI4I/Carrillo_Dobrynin_2012_Contact Mechanics of Nanoparticles.pdf;/home/huy1/local/docs/prj/References/zotero/storage/RVWDAAS4/Carrillo_Dobrynin_2012_Contact Mechanics of Nanoparticles.pdf}
}

@article{chen_sticking_2015,
  title = {Sticking/Rebound Criterion for Collisions of Small Adhesive Particles: {{Effects}} of Impact Parameter and Particle Size},
  shorttitle = {Sticking/Rebound Criterion for Collisions of Small Adhesive Particles},
  author = {Chen, Sheng and Li, Shuiqing and Yang, Mengmeng},
  date = {2015-04},
  journaltitle = {Powder Technology},
  shortjournal = {Powder Technology},
  volume = {274},
  pages = {431--440},
  issn = {0032-5910},
  doi = {10.1016/j.powtec.2015.01.051},
  url = {http://www.sciencedirect.com/science/article/pii/S0032591015000789},
  urldate = {2015-02-06},
  keywords = {Discrete element method,energy dissipation,Micro-particle,Oblique collision,Sticking velocity},
  file = {/home/huy1/local/docs/prj/References/zotero/storage/BXGTUISG/Chen et al_2015_Sticking-rebound criterion for collisions of small adhesive particles.pdf;/home/huy1/local/docs/prj/References/zotero/storage/KHAFAQHA/Chen et al. - 2015 - Stickingrebound criterion for collisions of small.pdf}
}

@article{cleaver_afm_2007,
  title = {{{AFM}} Study of Adhesion between Polystyrene Particles; — {{The}} Influence of Relative Humidity and Applied Load},
  author = {Cleaver, J. A. S. and Looi, L.},
  date = {2007-05-16},
  journaltitle = {Powder Technology},
  shortjournal = {Powder Technology},
  series = {Special {{Edition}} from the {{PSA2005 Conference}}},
  volume = {174},
  number = {1–2},
  pages = {34--37},
  issn = {0032-5910},
  doi = {10.1016/j.powtec.2006.10.017},
  url = {http://www.sciencedirect.com/science/article/pii/S0032591006004487},
  urldate = {2014-11-24},
  keywords = {Adhesion polystyrene humidity,AFM},
  file = {/home/huy1/local/docs/prj/References/zotero/storage/K56JVACK/Cleaver_Looi_2007_AFM study of adhesion between polystyrene particles; — The influence of.pdf}
}

@article{deng_adhesion_2017,
  title = {Adhesion and Friction of Dry-Coated Nano-Rough Particles},
  author = {Deng, Xiaoliang and Davé, Rajesh N.},
  date = {2017-06-01},
  journaltitle = {Powder Technology},
  shortjournal = {Powder Technology},
  series = {Special {{Issue}} on {{Simulation}} and {{Modelling}} of {{Particulate Systems}}},
  volume = {314},
  pages = {20--27},
  issn = {0032-5910},
  doi = {10.1016/j.powtec.2016.07.035},
  url = {http://www.sciencedirect.com/science/article/pii/S0032591016304272},
  urldate = {2017-05-22},
  keywords = {Adhesion and friction,Contact model,Dry coating,Nano-rough surfaces},
  file = {/home/huy1/local/docs/prj/References/zotero/storage/8TXI5W92/Deng and Davé - 2017 - Adhesion and friction of dry-coated nano-rough par.pdf}
}

@article{derjaguin_effect_1975,
  title = {Effect of Contact Deformations on the Adhesion of Particles},
  author = {Derjaguin, B. V. and Muller, V. M and Toporov, Yu. P},
  date = {1975-11},
  journaltitle = {Journal of Colloid and Interface Science},
  shortjournal = {Journal of Colloid and Interface Science},
  volume = {53},
  number = {2},
  pages = {314--326},
  issn = {0021-9797},
  doi = {10.1016/0021-9797(75)90018-1},
  url = {http://www.sciencedirect.com/science/article/pii/0021979775900181},
  urldate = {2014-09-04},
  file = {/home/huy1/local/docs/prj/References/zotero/storage/M2A39PNW/Derjaguin et al_1975_Effect of contact deformations on the adhesion of particles.pdf}
}

@article{estay_bond_2017,
  title = {Bond Calibration Method for {{Young}}’s Modulus Determination in the Discrete Element Method Framework},
  author = {Estay, Danilo and Chacana, Felipe and Ibarra, Jaime and Pérez, Luis and Lascano, Sheila},
  date = {2017-08-01},
  journaltitle = {Granular Matter},
  shortjournal = {Granular Matter},
  volume = {19},
  number = {3},
  pages = {60},
  issn = {1434-5021, 1434-7636},
  doi = {10.1007/s10035-017-0734-5},
  url = {https://link.springer.com/article/10.1007/s10035-017-0734-5},
  langid = {english},
  file = {/home/huy1/local/docs/prj/References/zotero/storage/2S4CGSP6/Estay et al. - 2017 - Bond calibration method for Young’s modulus determ.pdf}
}

@article{fang_numerical_2020,
  title = {A Numerical Study on Adhesive Collision between a Micro-Sized Particle and a Wall},
  author = {Fang, Zhu and Zhang, Yiyang and Wei, Mingzhe and Zhao, Shumiao and Wu, Xinxin and Sun, Libin},
  date = {2020-01-15},
  journaltitle = {Powder Technology},
  shortjournal = {Powder Technology},
  volume = {360},
  pages = {769--779},
  issn = {0032-5910},
  doi = {10.1016/j.powtec.2019.08.114},
  url = {http://www.sciencedirect.com/science/article/pii/S0032591019307132},
  urldate = {2019-12-16},
  langid = {english},
  keywords = {Adhesive particle-wall collision,Non-spherical particles,Restitution coefficient,Surface adhesion,Viscoelastic damping},
  file = {/home/huy1/local/docs/prj/References/zotero/storage/GTCNBVIW/Fang et al_2020_A numerical study on adhesive collision between a micro-sized particle and a.pdf}
}

@article{fritzsche_modeling_2016,
  title = {Modeling Adhesive Force Distributions on Highly Rough Surfaces},
  author = {Fritzsche, Jörg and Peuker, Urs Alexander},
  date = {2016-02},
  journaltitle = {Powder Technology},
  shortjournal = {Powder Technology},
  volume = {289},
  pages = {88--94},
  issn = {0032-5910},
  doi = {10.1016/j.powtec.2015.11.057},
  url = {http://www.sciencedirect.com/science/article/pii/S003259101530200X},
  urldate = {2015-12-19},
  keywords = {\_tablet\_modified,Atomic force microscopy,Colloidal probe technique,Force distribution,Hydrophobic force,TO READ,Van der Waals force},
  file = {/home/huy1/local/docs/prj/References/zotero/storage/9RXQQAMP/Fritzsche_Peuker_2016_Modeling adhesive force distributions on highly rough surfaces.pdf}
}

@article{garg_new_2022,
  title = {A New Method for Assessing Powder Flowability Based on Physical Properties and Cohesiveness of Particles Using a Small Quantity of Samples},
  author = {Garg, Vivek and Deng, Tong and Bradley, Michael S. A.},
  date = {2022-01-01},
  journaltitle = {Powder Technology},
  shortjournal = {Powder Technology},
  volume = {395},
  pages = {708--719},
  issn = {0032-5910},
  doi = {10.1016/j.powtec.2021.10.027},
  url = {https://www.sciencedirect.com/science/article/pii/S0032591021009086},
  urldate = {2021-11-28},
  langid = {english},
  keywords = {Bond number,Cohesive powders,Particle properties,Powder flowability,Prediction model},
  file = {/home/huy1/local/docs/prj/References/zotero/storage/SLKR9N29/Garg et al_2022_A new method for assessing powder flowability based on physical properties and.pdf}
}

@article{george_characterisation_2006,
  title = {The Characterisation of Rough Particle Contacts by Atomic Force Microscopy},
  author = {George, M. and Goddard, D. T.},
  date = {2006-07-15},
  journaltitle = {Journal of Colloid and Interface Science},
  shortjournal = {Journal of Colloid and Interface Science},
  volume = {299},
  number = {2},
  pages = {665--672},
  issn = {0021-9797},
  doi = {10.1016/j.jcis.2006.03.021},
  url = {http://www.sciencedirect.com/science/article/pii/S0021979706002219},
  urldate = {2014-09-04},
  keywords = {Adhesion,Atomic force microscopy,Contact radius,Surface roughness},
  file = {/home/huy1/local/docs/prj/References/zotero/storage/J864JVAV/George_Goddard_2006_The characterisation of rough particle contacts by atomic force microscopy.pdf}
}

@article{gotzinger_particle_2004,
  title = {Particle {{Adhesion Force Distributions}} on {{Rough Surfaces}}},
  author = {Götzinger, M. and Peukert, W.},
  date = {2004-06-01},
  journaltitle = {Langmuir},
  shortjournal = {Langmuir},
  volume = {20},
  number = {13},
  pages = {5298--5303},
  issn = {0743-7463},
  doi = {10.1021/la049914f},
  url = {http://dx.doi.org/10.1021/la049914f},
  urldate = {2015-08-03},
  keywords = {\_tablet\_modified,TO CITE,TO READ,Weibull},
  file = {/home/huy1/local/docs/prj/References/zotero/storage/9FKM5GQZ/Götzinger_Peukert_2004_Particle Adhesion Force Distributions on Rough Surfaces.pdf}
}

@article{grosshans_model_2017,
  title = {A Model for the Non-Uniform Contact Charging of Particles},
  author = {Grosshans, Holger and Papalexandris, Miltiadis V.},
  date = {2017-01},
  journaltitle = {Powder Technology},
  shortjournal = {Powder Technology},
  volume = {305},
  pages = {518--527},
  issn = {0032-5910},
  doi = {10.1016/j.powtec.2016.10.024},
  url = {http://www.sciencedirect.com/science/article/pii/S0032591016307070},
  urldate = {2016-12-21},
  keywords = {Electrostatics,Multiphase flows,Non-uniform charging,Particle properties,Particulate flows},
  file = {/home/huy1/local/docs/prj/References/zotero/storage/NI8WVEQ7/Grosshans_Papalexandris_2017_A model for the non-uniform contact charging of particles.pdf}
}

@article{harthong_contact_2012,
  ids = {harthong_contact_2012-1},
  title = {Contact Impingement in Packings of Elastic–Plastic Spheres, Application to Powder Compaction},
  author = {Harthong, Barthélémy and Jérier, Jean-François and Richefeu, Vincent and Chareyre, Bruno and Dorémus, Pierre and Imbault, Didier and Donzé, Frédéric-Victor},
  date = {2012-08},
  journaltitle = {International Journal of Mechanical Sciences},
  shortjournal = {International Journal of Mechanical Sciences},
  volume = {61},
  number = {1},
  pages = {32--43},
  issn = {0020-7403},
  doi = {10.1016/j.ijmecsci.2012.04.013},
  url = {http://www.sciencedirect.com/science/article/pii/S0020740312001014},
  urldate = {2014-09-04},
  keywords = {Contact model,Discrete-element method,Finite-element method,granular materials,High density,powder compaction},
  file = {/home/huy1/local/docs/prj/References/zotero/storage/EXCJ72UB/Harthong et al_2012_Contact impingement in packings of elastic–plastic spheres, application to.pdf;/home/huy1/local/docs/prj/References/zotero/storage/ZP6Z2W8I/Harthong et al_2012_Contact impingement in packings of elastic–plastic spheres, application to.pdf}
}

@incollection{jackson_stochastic_2013,
  title = {Stochastic {{Contact Theories}}: {{Other Theories Based}} on the {{Greenwood-Williamson Model}}},
  shorttitle = {Stochastic {{Contact Theories}}},
  booktitle = {Encyclopedia of {{Tribology}}},
  author = {Jackson, Robert L.},
  editor = {Wang, Q. Jane and Chung, Yip-Wah},
  date = {2013},
  pages = {3299--3306},
  publisher = {{Springer US}},
  url = {http://link.springer.com/referenceworkentry/10.1007/978-0-387-92897-5_514},
  urldate = {2015-08-03},
  isbn = {978-0-387-92896-8 978-0-387-92897-5},
  langid = {english},
  keywords = {\_tablet\_modified,Automotive Engineering,Biomedical Engineering,Classical Continuum Physics,Mechanical Engineering,{Surfaces and Interfaces, Thin Films},TO CITE,TO READ,{Tribology, Corrosion and Coatings}},
  file = {/home/huy1/local/docs/prj/References/zotero/storage/QI783DK5/Jackson_2013_Stochastic Contact Theories.pdf}
}

@article{jasevicius_simulation_,
  title = {{{DEM}} Simulation of Ultrafine Silica Particles},
  author = {Jasevicius, R. and Tomas, J. and Kacianauskas, R.},
  url = {http://www.mvt.ovgu.de/mvt_media/Vortr%C3%A4ge/JaseviciusWCTP6.pdf},
  urldate = {2014-10-22},
  file = {/home/huy1/local/docs/prj/References/zotero/storage/UMIA82NH/Jasevicius et al_DEM simulation of ultrafine silica particles.pdf}
}

@article{johnson_one_1982,
  title = {One {{Hundred Years}} of {{Hertz Contact}}},
  author = {Johnson, K. L.},
  date = {1982-06-01},
  journaltitle = {Proceedings of the Institution of Mechanical Engineers},
  shortjournal = {Proceedings of the Institution of Mechanical Engineers},
  volume = {196},
  number = {1},
  pages = {363--378},
  issn = {0020-3483,},
  doi = {10.1243/PIME_PROC_1982_196_039_02},
  url = {http://pme.sagepub.com/content/196/1/363},
  urldate = {2015-10-07},
  langid = {english},
  keywords = {\_tablet\_modified,TO READ},
  file = {/home/huy1/local/docs/prj/References/zotero/storage/B3AM2GNG/Johnson_1982_One Hundred Years of Hertz Contact.pdf}
}

@article{johnson_surface_1971,
  title = {Surface {{Energy}} and the {{Contact}} of {{Elastic Solids}}},
  author = {Johnson, K. L. and Kendall, K. and Roberts, A. D.},
  date = {1971-09-08},
  journaltitle = {Proceedings of the Royal Society of London. A. Mathematical and Physical Sciences},
  shortjournal = {Proc. R. Soc. Lond. A},
  volume = {324},
  number = {1558},
  pages = {301--313},
  issn = {1364-5021, 1471-2946},
  doi = {10.1098/rspa.1971.0141},
  url = {http://rspa.royalsocietypublishing.org/content/324/1558/301},
  urldate = {2014-09-04},
  langid = {english},
  file = {/home/huy1/local/docs/prj/References/zotero/storage/4VKMHWVD/Johnson et al. - 1971 - Surface Energy and the Contact of Elastic Solids.pdf}
}

@article{kendall_problems_2012,
  title = {Problems of Particle Aggregation in Ceramics},
  author = {Kendall, Kevin},
  date = {2012-08},
  journaltitle = {Journal of the European Ceramic Society},
  shortjournal = {Journal of the European Ceramic Society},
  series = {Special {{Issue}}: {{ECerS XII}}, 12th {{Conference}} of the {{European Ceramic Society}}},
  volume = {32},
  number = {11},
  pages = {2589--2596},
  issn = {0955-2219},
  doi = {10.1016/j.jeurceramsoc.2011.11.008},
  url = {http://www.sciencedirect.com/science/article/pii/S095522191100584X},
  urldate = {2014-09-04},
  keywords = {Ceramic fuel cells,contact mechanics,Polymer processing,Problems of ceramics},
  file = {/home/huy1/local/docs/prj/References/zotero/storage/EM6TXNF6/Kendall_2012_Problems of particle aggregation in ceramics.pdf}
}

@article{kovar_grain_1996,
  title = {Grain {{Size Distributions}} and {{Strength Variability}} of {{High-Purity Alumina}}},
  author = {Kovar, Desiderio and Readey, Michael J.},
  date = {1996-02-01},
  journaltitle = {Journal of the American Ceramic Society},
  volume = {79},
  number = {2},
  pages = {305--312},
  issn = {1551-2916},
  doi = {10.1111/j.1151-2916.1996.tb08121.x},
  url = {http://onlinelibrary.wiley.com/doi/10.1111/j.1151-2916.1996.tb08121.x/abstract},
  urldate = {2015-08-03},
  langid = {english},
  keywords = {\_tablet\_modified,Alumina,Grain Size Distribution,Strength,TO CITE,TO READ},
  file = {/home/huy1/local/docs/prj/References/zotero/storage/F3IMXE2K/Kovar_Readey_1996_Grain Size Distributions and Strength Variability of High-Purity Alumina.pdf}
}

@article{koynov_modeling_2011,
  title = {Modeling and Simulation of Compact Strength Due to Particle Bonding Using a Hybrid Discrete-Continuum Approach},
  author = {Koynov, A. and Akseli, I. and Cuitiño, A. M.},
  date = {2011-10-14},
  journaltitle = {International Journal of Pharmaceutics},
  shortjournal = {International Journal of Pharmaceutics},
  series = {A Priori {{Performance Predictions}}},
  volume = {418},
  number = {2},
  pages = {273--285},
  issn = {0378-5173},
  doi = {10.1016/j.ijpharm.2011.06.006},
  url = {http://www.sciencedirect.com/science/article/pii/S0378517311005370},
  urldate = {2014-09-08},
  file = {/home/huy1/local/docs/prj/References/zotero/storage/3WNNCKTC/Koynov et al_2011_Modeling and simulation of compact strength due to particle bonding using a.pdf}
}

@article{li_interparticle_2004,
  ids = {li_interparticle_2004-1},
  title = {Interparticle van Der {{Waals}} Force in Powder Flowability and Compactibility},
  author = {Li, Qin and Rudolph, Victor and Weigl, Bernhard and Earl, Alan},
  date = {2004-08-06},
  journaltitle = {International Journal of Pharmaceutics},
  shortjournal = {International Journal of Pharmaceutics},
  volume = {280},
  number = {1–2},
  pages = {77--93},
  issn = {0378-5173},
  doi = {10.1016/j.ijpharm.2004.05.001},
  url = {http://www.sciencedirect.com/science/article/pii/S0378517304002820},
  urldate = {2014-12-12},
  keywords = {\_tablet\_modified,compactibility,Compactibility,Flowability,Hausner ratio,Interparticle adhesion force,Tablet strength,TO READ,Van der Waals force},
  file = {/home/huy1/local/docs/prj/References/zotero/storage/VQDHISLJ/Li et al_2004_Interparticle van der Waals force in powder flowability and compactibility.pdf;/home/huy1/local/docs/prj/References/zotero/storage/WBEVUGFC/Li et al_2004_Interparticle van der Waals force in powder flowability and compactibility.pdf}
}

@article{li_londonvan_2006,
  title = {London-van Der {{Waals}} Adhesiveness of Rough Particles},
  author = {Li, Q. and Rudolph, V. and Peukert, W.},
  date = {2006-02-03},
  journaltitle = {Powder Technology},
  shortjournal = {Powder Technology},
  volume = {161},
  number = {3},
  pages = {248--255},
  issn = {0032-5910},
  doi = {10.1016/j.powtec.2005.10.012},
  url = {http://www.sciencedirect.com/science/article/pii/S0032591005005413},
  urldate = {2014-02-06},
  keywords = {\_tablet\_modified,Adhesion,Adhesiveness,Effective contact area,Fine particles,Rumpf,Specific adhesiveness,TO READ,Van der Waals force},
  file = {/home/huy1/local/docs/prj/References/zotero/storage/F2DA594M/Li et al_2006_London-van der Waals adhesiveness of rough particles.pdf;/home/huy1/local/docs/prj/References/zotero/storage/PW7UACAJ/Li et al_2006_London-van der Waals adhesiveness of rough particles.pdf}
}

@article{li_micromechanics_2009,
  title = {Micromechanics of Rough Surface Adhesion: A Homogenized Projection Method},
  shorttitle = {Micromechanics of Rough Surface Adhesion},
  author = {Li, Qunyang and Kim, Kyung-Suk},
  date = {2009-10},
  journaltitle = {Acta Mechanica Solida Sinica},
  shortjournal = {Acta Mechanica Solida Sinica},
  volume = {22},
  number = {5},
  pages = {377--390},
  issn = {0894-9166},
  doi = {10.1016/S0894-9166(09)60288-3},
  url = {http://www.sciencedirect.com/science/article/pii/S0894916609602883},
  urldate = {2014-12-10},
  keywords = {\_tablet\_modified,energy dissipation,homogenized cohesive zone,instability,interface adhesion,roughness effect,TO READ},
  file = {/home/huy1/local/docs/prj/References/zotero/storage/T56ETB66/Li_Kim_2009_Micromechanics of rough surface adhesion.pdf}
}

@article{loh_hybrid_2014,
  title = {A Hybrid Tabulation-Scaling Implementation of {{Thornton}} and {{Ning}}'s Plastic–Adhesive Particle Contact Theory},
  author = {Loh, Jonathan C. Y. and Ketterhagen, William R. and Elliott, James A.},
  date = {2014-09},
  journaltitle = {Powder Technology},
  shortjournal = {Powder Technology},
  volume = {264},
  pages = {599--607},
  issn = {0032-5910},
  doi = {10.1016/j.powtec.2014.05.069},
  url = {http://www.sciencedirect.com/science/article/pii/S0032591014005415},
  urldate = {2014-09-17},
  keywords = {Coefficient of restitution,DEM,LIGGGHTS,Plastic adhesion},
  file = {/home/huy1/local/docs/prj/References/zotero/storage/G7W8SD39/Loh et al_2014_A hybrid tabulation-scaling implementation of Thornton and Ning's.pdf}
}

@article{luding_cohesive_2008,
  title = {Cohesive, Frictional Powders: Contact Models for Tension},
  shorttitle = {Cohesive, Frictional Powders},
  author = {Luding, Stefan},
  date = {2008-06-01},
  journaltitle = {Granular Matter},
  shortjournal = {Granular Matter},
  volume = {10},
  number = {4},
  pages = {235--246},
  issn = {1434-5021, 1434-7636},
  doi = {10.1007/s10035-008-0099-x},
  url = {http://link.springer.com/article/10.1007/s10035-008-0099-x},
  urldate = {2013-09-10},
  langid = {english},
  keywords = {Adhesion,BULK solids,Engineering Fluid Dynamics,{Engineering Thermodynamics, Transport Phenomena},friction,granular materials,Granular Media,Industrial Chemistry/Chemical Engineering,ISOSTATIC pressing,Molecular dynamics (MD) and discrete elementmodel (DEM) force-laws,Plastic deformation,Rolling- and torsion-resistance,{Structural Foundations, Hydraulic Engineering},Tribology},
  file = {/home/huy1/local/docs/prj/References/zotero/storage/IJKIRZZ5/Luding - 2008 - Cohesive, frictional powders contact models for t.pdf}
}

@article{majumdar_role_1990,
  title = {Role of {{Fractal Geometry}} in {{Roughness Characterization}} and {{Contact Mechanics}} of {{Surfaces}}},
  author = {Majumdar, A. and Bhushan, B.},
  date = {1990-04-01},
  journaltitle = {Journal of Tribology},
  shortjournal = {J. Tribol},
  volume = {112},
  number = {2},
  pages = {205--216},
  issn = {0742-4787},
  doi = {10.1115/1.2920243},
  url = {http://dx.doi.org/10.1115/1.2920243},
  urldate = {2015-08-03},
  keywords = {\_tablet\_modified,Contact Mechanics,Fractals,TO CITE,TO READ},
  file = {/home/huy1/local/docs/prj/References/zotero/storage/S48D94XX/Majumdar_Bhushan_1990_Role of Fractal Geometry in Roughness Characterization and Contact Mechanics of.pdf}
}

@article{marzougui_microscopic_2015,
  title = {Microscopic Origins of Shear Stress in Dense Fluid–Grain Mixtures},
  author = {Marzougui, Donia and Chareyre, Bruno and Chauchat, Julien},
  date = {2015-06},
  journaltitle = {Granular Matter},
  volume = {17},
  number = {3},
  pages = {297--309},
  issn = {1434-5021, 1434-7636},
  doi = {10.1007/s10035-015-0560-6},
  url = {http://link.springer.com/10.1007/s10035-015-0560-6},
  urldate = {2015-06-01},
  langid = {english},
  file = {/home/huy1/local/docs/prj/References/zotero/storage/2VZKDIZ8/Marzougui et al_2015_Microscopic origins of shear stress in dense fluid–grain mixtures.pdf}
}

@article{minh_contact_2016,
  title = {On the Contact Force Distributions of Granular Mixtures under {{1D-compression}}},
  author = {Minh, N. H. and Cheng, Y. P.},
  date = {2016-05},
  journaltitle = {Granular Matter},
  volume = {18},
  number = {2},
  issn = {1434-5021, 1434-7636},
  doi = {10.1007/s10035-016-0625-1},
  url = {http://link.springer.com/10.1007/s10035-016-0625-1},
  urldate = {2016-05-17},
  langid = {english},
  file = {/home/huy1/local/docs/prj/References/zotero/storage/A5XHMUSM/Minh_Cheng_2016_On the contact force distributions of granular mixtures under 1D-compression.pdf}
}

@article{nadimi_numerical_2019,
  title = {Numerical Modelling of Rough Particle Contacts Subject to Normal and Tangential Loading},
  author = {Nadimi, S. and Otsubo, M. and Fonseca, J. and O’Sullivan, C.},
  date = {2019-10-29},
  journaltitle = {Granular Matter},
  shortjournal = {Granular Matter},
  volume = {21},
  number = {4},
  pages = {108},
  issn = {1434-7636},
  doi = {10.1007/s10035-019-0970-y},
  url = {https://doi.org/10.1007/s10035-019-0970-y},
  urldate = {2019-12-10},
  langid = {english},
  keywords = {Contact mechanics,Numerical modelling,Particle-scale behaviour,Surface roughness},
  file = {/home/huy1/local/docs/prj/References/zotero/storage/XHPN46V6/Nadimi et al_2019_Numerical modelling of rough particle contacts subject to normal and tangential.pdf}
}

@article{nohut_investigation_2014,
  title = {Investigation of {{Micro-Macroscale Interaction}} of {{Heterogeneous Materials}} by {{A Parallel-Bonded Particle Model And Introduction}} of {{New Microparameter Determination Formulations}}},
  author = {Nohut, Serkan and Cevik, Abdulkadir},
  date = {2014},
  journaltitle = {International Journal for Multiscale Computational Engineering},
  volume = {12},
  number = {1},
  pages = {1--21},
  issn = {1543-1649},
  doi = {10.1615/IntJMultCompEng.2014006142},
  url = {http://www.dl.begellhouse.com/journals/61fd1b191cf7e96f,319e71c10c72804e,29e31dba5f413448.html},
  urldate = {2014-09-08},
  langid = {english},
  file = {/home/huy1/local/docs/prj/References/zotero/storage/UU8M6Q3J/Nohut_Cevik_2014_Investigation of Micro-Macroscale Interaction of Heterogeneous Materials by A.pdf}
}

@article{nystrom_bonding_1993,
  title = {Bonding {{Surface}} Area and {{Bonding Mechanism-Two Important Factors}} Fir the {{Understanding}} of {{Powder Comparability}}},
  author = {Nyström, Christer and family=Alderborn, given=Göran, given-i={{Gör}} and Duberg, Margareta and Karehill, Per-Gunnar},
  date = {1993-01-01},
  journaltitle = {Drug Development and Industrial Pharmacy},
  shortjournal = {Drug Development and Industrial Pharmacy},
  volume = {19},
  number = {17-18},
  pages = {2143--2196},
  issn = {0363-9045},
  doi = {10.3109/03639049309047189},
  url = {http://informahealthcare.com/doi/abs/10.3109/03639049309047189},
  urldate = {2014-09-12},
  file = {/home/huy1/local/docs/prj/References/zotero/storage/8P26842S/Nyström et al_1993_Bonding Surface area and Bonding Mechanism-Two Important Factors fir the.pdf;/home/huy1/local/docs/prj/References/zotero/storage/XGMI6PES/Nystrom et al, 1993.pdf}
}

@article{osei-yeboah_critical_2016,
  title = {A Critical {{Examination}} of the {{Phenomenon}} of {{Bonding Area}} - {{Bonding Strength Interplay}} in {{Powder Tableting}}},
  author = {Osei-Yeboah, Frederick and Chang, Shao-Yu and Sun, Changquan Calvin},
  date = {2016-01-14},
  journaltitle = {Pharmaceutical Research},
  shortjournal = {Pharm Res},
  volume = {33},
  number = {5},
  pages = {1126--1132},
  issn = {0724-8741, 1573-904X},
  doi = {10.1007/s11095-016-1858-8},
  url = {http://link.springer.com/article/10.1007/s11095-016-1858-8},
  urldate = {2016-09-02},
  langid = {english},
  keywords = {\_tablet\_modified,TO CITE,TO READ},
  file = {/home/huy1/local/docs/prj/References/zotero/storage/RUAUN23K/Osei-Yeboah et al_2016_A critical Examination of the Phenomenon of Bonding Area - Bonding Strength.pdf}
}

@article{parteli_attractive_2014,
  title = {Attractive Particle Interaction Forces and Packing Density of Fine Glass Powders},
  author = {Parteli, Eric J. R. and Schmidt, Jochen and Blümel, Christina and Wirth, Karl-Ernst and Peukert, Wolfgang and Pöschel, Thorsten},
  date = {2014-09-02},
  journaltitle = {Scientific Reports},
  shortjournal = {Sci. Rep.},
  volume = {4},
  doi = {10.1038/srep06227},
  url = {http://www.nature.com/srep/2014/140902/srep06227/full/srep06227.html},
  urldate = {2014-12-12},
  langid = {english},
  keywords = {Chemical engineering,Computational science},
  file = {/home/huy1/local/docs/prj/References/zotero/storage/7ZG27MHK/Parteli et al_2014_Attractive particle interaction forces and packing density of fine glass powders.pdf}
}

@article{paulick_new_2014,
  title = {A New Method for the Determination of Particle Contact Stiffness},
  author = {Paulick, M. and Morgeneyer, M. and Kwade, A.},
  date = {2014-12-21},
  journaltitle = {Granular Matter},
  shortjournal = {Granular Matter},
  volume = {17},
  number = {1},
  pages = {83--93},
  issn = {1434-5021, 1434-7636},
  doi = {10.1007/s10035-014-0537-x},
  url = {http://link.springer.com/article/10.1007/s10035-014-0537-x},
  urldate = {2015-02-04},
  langid = {english},
  keywords = {contact mechanics,DEM simulation,Engineering Fluid Dynamics,{Engineering Thermodynamics, Heat and Mass Transfer},Experiment,{Geoengineering, Foundations, Hydraulics},Industrial Chemistry/Chemical Engineering,{Materials Science, general},micromechanics,Normal contact stiffness,Particle,{Soft and Granular Matter, Complex Fluids and Microfluidics},TO READ},
  file = {/home/huy1/local/docs/prj/References/zotero/storage/ZAEQKI29/Paulick et al. - 2014 - A new method for the determination of particle con.pdf}
}

@book{popov_contact_2010,
  title = {Contact {{Mechanics}} and {{Friction}} - {{Physical Principles}} and {{Applications}}},
  author = {Popov, Valentin L.},
  date = {2010-03-08},
  edition = {2010 edition},
  publisher = {{Springer}},
  location = {{Berlin; Heidelberg; New York}},
  url = {http://www.springer.com/materials/mechanics/book/978-3-642-10802-0},
  urldate = {2015-01-07},
  isbn = {Contact Mechanics and Friction},
  pagetotal = {362},
  file = {/home/huy1/local/docs/prj/References/zotero/storage/KAGPGCQU/Popov_2010_Contact Mechanics and Friction - Physical Principles and Applications.pdf}
}

@incollection{schwarz_friction_1996,
  title = {Friction in the {{Low-Load Regime}}: {{Studies}} on the {{Pressure}} and {{Direction Dependence}} of {{Frictional Forces}} by {{Means}} of {{Friction Force Microscopy}}},
  shorttitle = {Friction in the {{Low-Load Regime}}},
  booktitle = {Physics of {{Sliding Friction}}},
  author = {Schwarz, U. D. and Bluhm, H. and Hölscher, H. and Allers, W. and Wiesendanger, R.},
  editor = {Persson, B. N. J. and Tosatti, E.},
  date = {1996-01-01},
  series = {{{NATO ASI Series}}},
  number = {311},
  pages = {369--402},
  publisher = {{Springer Netherlands}},
  url = {http://link.springer.com/chapter/10.1007/978-94-015-8705-1_23},
  urldate = {2014-02-06},
  isbn = {978-90-481-4674-1 978-94-015-8705-1},
  langid = {english},
  keywords = {\_tablet,Condensed Matter Physics,Mechanics,Polymer Sciences,Rumpf,{Surfaces and Interfaces, Thin Films}},
  file = {/home/huy1/local/docs/prj/References/zotero/storage/KTEQEGS3/Schwarz et al_1996_Friction in the Low-Load Regime.pdf}
}

@article{shi_effect_2018,
  title = {Effect of {{Particle Size}} and {{Cohesion}} on {{Powder Yielding}} and {{Flow}}},
  author = {Shi, Hao and Mohanty, Rahul and Chakravarty, Somik and Cabiscol, Ramon and Morgeneyer, Martin and Zetzener, Harald and Ooi, Jin Y. and Kwade, Arno and Luding, Stefan and Magnanimo, Vanessa},
  date = {2018},
  journaltitle = {KONA Powder and Particle Journal},
  volume = {35},
  pages = {226--250},
  doi = {10.14356/kona.2018014},
  keywords = {bulk cohesion,bulk friction,cohesive powders,database,particle size effect,shear testers,T-MAPPP,yield locus},
  file = {/home/huy1/local/docs/prj/References/zotero/storage/VAMG9I9J/Shi et al_2018_Effect of Particle Size and Cohesion on Powder Yielding and Flow.pdf}
}

@article{skrinjar_local_2005,
  title = {Local {{Contact Compliance Relations}} at {{Compaction}} of {{Composite Powders}}},
  author = {Skrinjar, Olle and Larsson, Per-Lennart and Storåkers, Bertil},
  date = {2005-11-16},
  journaltitle = {Journal of Applied Mechanics},
  shortjournal = {J. Appl. Mech.},
  volume = {74},
  number = {1},
  pages = {164--168},
  issn = {0021-8936},
  doi = {10.1115/1.2165240},
  url = {http://dx.doi.org/10.1115/1.2165240},
  urldate = {2014-09-04},
  file = {/home/huy1/local/docs/prj/References/zotero/storage/V3KDDZCU/Skrinjar et al_2005_Local Contact Compliance Relations at Compaction of Composite Powders.pdf}
}

@article{skrinjar_local_2007,
  title = {On the Local Contact Behaviour in Regular Lattices of Composite Powders},
  author = {Skrinjar, Olle and Larsson, Per-Lennart},
  date = {2007-04-12},
  journaltitle = {Journal of Materials Processing Technology},
  shortjournal = {Journal of Materials Processing Technology},
  volume = {184},
  number = {1–3},
  pages = {312--318},
  issn = {0924-0136},
  doi = {10.1016/j.jmatprotec.2006.11.099},
  url = {http://www.sciencedirect.com/science/article/pii/S0924013606011290},
  urldate = {2014-09-04},
  keywords = {Composite powder compaction,Finite element simulation,Micromechanical modelling,Unit cell calculation},
  file = {/home/huy1/local/docs/prj/References/zotero/storage/QTC9TIPM/Skrinjar_Larsson_2007_On the local contact behaviour in regular lattices of composite powders.pdf}
}

@article{skrinjar_micromechanical_2011,
  title = {A Micromechanical Analysis of Local Contact at Die Compaction of Powder Materials},
  author = {Skrinjar, Olle and Larsson, Per-Lennart},
  date = {2011-03-01},
  journaltitle = {International Journal of Materials Research},
  shortjournal = {IJMR},
  volume = {102},
  number = {3},
  pages = {317--322},
  issn = {1862-5282},
  doi = {10.3139/146.110482},
  url = {http://www.hanser-elibrary.com/doi/abs/10.3139/146.110482},
  urldate = {2014-09-08},
  file = {/home/huy1/local/docs/prj/References/zotero/storage/XCNDQJGC/Skrinjar_Larsson_2011_A micromechanical analysis of local contact at die compaction of powder.pdf}
}

@book{sofonea_mathematical_2012,
  title = {Mathematical {{Models}} in {{Contact Mechanics}}},
  author = {Sofonea, Mircea and Matei, Andaluzia},
  date = {2012-09-16},
  edition = {1 edition},
  publisher = {{Cambridge University Press}},
  langid = {english},
  pagetotal = {293}
}

@article{tanaka_evaluation_2008,
  title = {Evaluation of the Particle–Particle Interactions in a Toner by Colloid Probe {{AFM}}},
  author = {Tanaka, M. and Komagata, M. and Tsukada, M. and Kamiya, H.},
  date = {2008-04-09},
  journaltitle = {Powder Technology},
  shortjournal = {Powder Technology},
  volume = {183},
  number = {2},
  pages = {273--281},
  issn = {0032-5910},
  doi = {10.1016/j.powtec.2007.07.039},
  url = {http://www.sciencedirect.com/science/article/pii/S0032591007003750},
  urldate = {2014-11-24},
  keywords = {Colloid probe AFM,Conical rotor,Flow property of toner powder,Particle–particle interaction,Rotary shearing tester,Rumpf,Shearing force,Toner,Torque},
  file = {/home/huy1/local/docs/prj/References/zotero/storage/HBBU5WC3/Tanaka et al. - 2008 - Evaluation of the particle–particle interactions i.pdf;/home/huy1/local/docs/prj/References/zotero/storage/R8ZSBGFC/Tanaka et al_2008_Evaluation of the particle–particle interactions in a toner by colloid probe AFM.pdf}
}

@article{thornton_elasticplastic_2017,
  title = {On Elastic-Plastic Normal Contact Force Models, with and without Adhesion},
  author = {Thornton, Colin and Cummins, Sharen J. and Cleary, Paul W.},
  date = {2017-06-15},
  journaltitle = {Powder Technology},
  shortjournal = {Powder Technology},
  volume = {315},
  pages = {339--346},
  issn = {0032-5910},
  doi = {10.1016/j.powtec.2017.04.008},
  url = {http://www.sciencedirect.com/science/article/pii/S0032591017302966},
  urldate = {2017-05-07},
  keywords = {Adhesion,contact mechanics,Discrete Element Modelling (DEM),Impact,Restitution coefficient},
  file = {/home/huy1/local/docs/prj/References/zotero/storage/2KXB8HN9/Thornton et al. - 2017 - On elastic-plastic normal contact force models, wi.pdf}
}

@article{thornton_theoretical_1998,
  title = {A Theoretical Model for the Stick/Bounce Behaviour of Adhesive, Elastic-Plastic Spheres},
  author = {Thornton, Colin and Ning, Zemin},
  date = {1998-09-15},
  journaltitle = {Powder Technology},
  shortjournal = {Powder Technology},
  volume = {99},
  number = {2},
  pages = {154--162},
  issn = {0032-5910},
  doi = {10.1016/S0032-5910(98)00099-0},
  url = {http://www.sciencedirect.com/science/article/pii/S0032591098000990},
  urldate = {2014-09-18},
  keywords = {Adhesion,contact mechanics,Impact,Restitution},
  file = {/home/huy1/local/docs/prj/References/zotero/storage/S945H7HI/Thornton_Ning_1998_A theoretical model for the stick-bounce behaviour of adhesive, elastic-plastic.pdf}
}

@article{tykhoniuk_ultrafine_2007,
  title = {Ultrafine Cohesive Powders: {{From}} Interparticle Contacts to Continuum Behaviour},
  shorttitle = {Ultrafine Cohesive Powders},
  author = {Tykhoniuk, Rostyslav and Tomas, Jürgen and Luding, Stefan and Kappl, Michael and Heim, Lars and Butt, Hans-Jürgen},
  date = {2007-06},
  journaltitle = {Chemical Engineering Science},
  shortjournal = {Chemical Engineering Science},
  volume = {62},
  number = {11},
  pages = {2843--2864},
  issn = {0009-2509},
  doi = {10.1016/j.ces.2007.02.027},
  url = {http://www.sciencedirect.com/science/article/pii/S0009250907001893},
  urldate = {2014-10-22},
  keywords = {Atomic force microscopy,Micro–macro transition,Packed bed,Particulate processes,Powders,Systems engineering,TO CITE},
  file = {/home/huy1/local/docs/prj/References/zotero/storage/IK2D6K4X/Tykhoniuk et al_2007_Ultrafine cohesive powders.pdf}
}

@article{wahl_understanding_2008,
  title = {Understanding Powder Caking: {{Predicting}} Caking Strength from Individual Particle Contacts},
  shorttitle = {Understanding Powder Caking},
  author = {Wahl, M. and Bröckel, U. and Brendel, L. and Feise, H. J. and Weigl, B. and Röck, M. and Schwedes, J.},
  date = {2008-12-20},
  journaltitle = {Powder Technology},
  shortjournal = {Powder Technology},
  volume = {188},
  number = {2},
  pages = {147--152},
  issn = {0032-5910},
  doi = {10.1016/j.powtec.2008.04.062},
  url = {http://www.sciencedirect.com/science/article/pii/S0032591008002131},
  urldate = {2016-08-31},
  keywords = {Agglomeration,Contact dynamics,Crystal bridges,Unconfined compressive yield strength and urea},
  file = {/home/huy1/local/docs/prj/References/zotero/storage/KZHEP34J/Wahl et al_2008_Understanding powder caking.pdf}
}

@book{wang_encyclopedia_2013,
  title = {Encyclopedia of {{Tribology}}},
  author = {Wang, Q. Jane and Chung, Yip-wah},
  date = {2013},
  publisher = {{Springer US}},
  url = {http://link.springer.com/book/10.1007%2F978-0-387-92897-5},
  urldate = {2015-08-03},
  isbn = {978-0-387-92896-8},
  file = {/home/huy1/local/docs/prj/References/zotero/storage/EUSUQBJT/Wang_Chung_2013_Encyclopedia of Tribology.pdf;/home/huy1/local/docs/prj/References/zotero/storage/V2N9IF2D/Wang_Chung_2013_Encyclopedia of Tribology.pdf}
}

@article{weinhart_discrete_2012,
  title = {From Discrete Particles to Continuum Fields near a Boundary},
  author = {Weinhart, Thomas and Thornton, Anthony R. and Luding, Stefan and Bokhove, Onno},
  date = {2012-04},
  journaltitle = {Granular Matter},
  volume = {14},
  number = {2},
  pages = {289--294},
  issn = {1434-5021, 1434-7636},
  doi = {10.1007/s10035-012-0317-4},
  url = {http://link.springer.com/10.1007/s10035-012-0317-4},
  urldate = {2014-11-24},
  langid = {english},
  file = {/home/huy1/local/docs/prj/References/zotero/storage/Z8U5WD7C/Weinhart et al. - 2012 - From discrete particles to continuum fields near a.pdf}
}

@article{yang_fractal_2015,
  title = {A Fractal Model of Contact Force Distribution and the Unified Coordination Distribution for Crushable Granular Materials under Confined Compression},
  author = {Yang, Y. and Cheng, Y.M.},
  date = {2015-07},
  journaltitle = {Powder Technology},
  volume = {279},
  pages = {1--9},
  issn = {00325910},
  doi = {10.1016/j.powtec.2015.03.006},
  url = {http://linkinghub.elsevier.com/retrieve/pii/S0032591015001990},
  urldate = {2015-05-29},
  langid = {english},
  keywords = {\_tablet\_modified,compression,contact force distribution,coordination number distribution,crushable granular materials,Discrete element method,TO GET PDF,TO READ,VMPuri},
  file = {/home/huy1/local/docs/prj/References/zotero/storage/37R8KSDH/Yang_Cheng_2015_A fractal model of contact force distribution and the unified coordination.pdf;/home/huy1/local/docs/prj/References/zotero/storage/CDQ4ZKQR/Yang_Cheng_2015_A fractal model of contact force distribution and the unified coordination.pdf}
}

@article{zhang_nanocrystalline_2017,
  title = {Nanocrystalline Copper Films Are Never Flat},
  author = {Zhang, Xiaopu and Han, Jian and Plombon, John J. and Sutton, Adrian P. and Srolovitz, David J. and Boland, John J.},
  date = {2017-07-28},
  journaltitle = {Science},
  volume = {357},
  number = {6349},
  eprint = {28751608},
  eprinttype = {pmid},
  pages = {397--400},
  issn = {0036-8075, 1095-9203},
  doi = {10.1126/science.aan4797},
  url = {http://science.sciencemag.org/content/357/6349/397},
  langid = {english},
  file = {/home/huy1/local/docs/prj/References/zotero/storage/9FLD8NAC/Zhang et al. - 2017 - Nanocrystalline copper films are never flat.pdf;/home/huy1/local/docs/prj/References/zotero/storage/JCK97PXZ/aan4797-Zhang-SM.pdf}
}

@article{zhang_study_2009,
  ids = {zhang_study_2009-1},
  title = {A Study of Compaction of Composite Particles by Multi-Particle Finite Element Method},
  author = {Zhang, Jing},
  date = {2009-10},
  journaltitle = {Composites Science and Technology},
  shortjournal = {Composites Science and Technology},
  series = {Smart {{Composites}} and {{Nanocomposites Special Issue}} with {{Regular Papaers}}},
  volume = {69},
  number = {13},
  pages = {2048--2053},
  issn = {0266-3538},
  doi = {10.1016/j.compscitech.2008.11.020},
  url = {http://www.sciencedirect.com/science/article/pii/S026635380800482X},
  urldate = {2014-09-04},
  keywords = {A. Micro-/nano-composites,B. Compaction,B. Powder consolidation,C. Multi-particle finite element method,Compaction,Micro-/nano-composites,Multi-particle finite element method,Powder consolidation},
  file = {/home/huy1/local/docs/prj/References/zotero/storage/BXMVK99T/Zhang_2009_A study of compaction of composite particles by multi-particle finite element.pdf;/home/huy1/local/docs/prj/References/zotero/storage/X9WZ8V2M/Zhang_2009_A study of compaction of composite particles by multi-particle finite element.pdf}
}

@article{zhu_mesostructure_2016,
  title = {Meso-Structure Evolution in a {{2D}} Granular Material during Biaxial Loading},
  author = {Zhu, Huaxiang and Nicot, Francois and Darve, Félix},
  date = {2016-02},
  journaltitle = {Granular Matter},
  volume = {18},
  number = {1},
  issn = {1434-5021, 1434-7636},
  doi = {10.1007/s10035-016-0608-2},
  url = {http://link.springer.com/10.1007/s10035-016-0608-2},
  urldate = {2016-03-10},
  langid = {english},
  keywords = {\_tablet\_modified,TO CITE,TO READ},
  file = {/home/huy1/local/docs/prj/References/zotero/storage/MHEVSCEI/Zhu et al_2016_Meso-structure evolution in a 2D granular material during biaxial loading.pdf}
}
